[gd_scene load_steps=13 format=2]

[ext_resource path="res://UI/HUD.gd" type="Script" id=1]
[ext_resource path="res://Assets/FuelBar/Under.png" type="Texture" id=2]
[ext_resource path="res://Assets/FuelBar/Over.png" type="Texture" id=3]
[ext_resource path="res://Assets/FuelBar/Progress.png" type="Texture" id=4]
[ext_resource path="res://Assets/FuelBar/FuelIcon.png" type="Texture" id=5]
[ext_resource path="res://Assets/Fonts/title.tres" type="DynamicFont" id=6]
[ext_resource path="res://Assets/Fonts/text.tres" type="DynamicFont" id=7]
[ext_resource path="res://Assets/gitlab.png" type="Texture" id=8]
[ext_resource path="res://Assets/Icons/MuteOff.png" type="Texture" id=9]
[ext_resource path="res://Assets/Icons/MuteOn.png" type="Texture" id=10]
[ext_resource path="res://Assets/Icons/FullscreenOff.png" type="Texture" id=11]
[ext_resource path="res://Assets/Icons/FullscreenOn.png" type="Texture" id=12]

[node name="HUD" type="CanvasLayer"]
script = ExtResource( 1 )

[node name="FuelBar" type="TextureProgress" parent="."]
margin_left = 17.0
margin_top = 23.0
margin_right = 145.0
margin_bottom = 63.0
rect_scale = Vector2( 2, 1.5 )
max_value = 300.0
value = 300.0
texture_under = ExtResource( 2 )
texture_over = ExtResource( 3 )
texture_progress = ExtResource( 4 )

[node name="FuelIcon" type="Sprite" parent="."]
position = Vector2( 304, 44 )
scale = Vector2( 2, 2 )
texture = ExtResource( 5 )

[node name="Title" type="Label" parent="."]
anchor_left = 0.5
anchor_right = 0.5
margin_left = -474.0
margin_top = 59.0
margin_right = 474.0
margin_bottom = 234.0
custom_fonts/font = ExtResource( 6 )
custom_colors/font_color = Color( 1, 0.74902, 0, 1 )
text = "50 Years Later"

[node name="Copyright" type="Label" parent="."]
anchor_top = 1.0
anchor_bottom = 1.0
margin_left = 131.235
margin_top = -65.0
margin_right = 587.235
custom_fonts/font = ExtResource( 7 )
text = "© Xecestel 2019              v 1.10
Proudly made with Godot Engine"

[node name="GitLab" type="TextureButton" parent="."]
anchor_top = 1.0
anchor_bottom = 1.0
margin_left = -0.79361
margin_top = -112.341
margin_right = 1599.21
margin_bottom = 1487.66
rect_scale = Vector2( 0.07, 0.07 )
texture_normal = ExtResource( 8 )

[node name="HBoxContainer" type="HBoxContainer" parent="."]
anchor_left = 1.0
anchor_top = 1.0
anchor_right = 1.0
anchor_bottom = 1.0
margin_left = -224.317
margin_top = -120.169
margin_right = -150.317
margin_bottom = -80.1688
rect_scale = Vector2( 3, 3 )
custom_constants/separation = 10

[node name="MuteBtn" type="TextureButton" parent="HBoxContainer"]
margin_right = 32.0
margin_bottom = 40.0
focus_mode = 1
toggle_mode = true
texture_normal = ExtResource( 9 )
texture_pressed = ExtResource( 10 )

[node name="FullscreenBtn" type="TextureButton" parent="HBoxContainer"]
margin_left = 42.0
margin_right = 74.0
margin_bottom = 40.0
toggle_mode = true
texture_normal = ExtResource( 11 )
texture_pressed = ExtResource( 12 )
[connection signal="pressed" from="GitLab" to="." method="_on_GitLab_pressed"]
[connection signal="toggled" from="HBoxContainer/MuteBtn" to="." method="_on_MuteBtn_toggled"]
[connection signal="toggled" from="HBoxContainer/FullscreenBtn" to="." method="_on_FullscreenBtn_toggled"]
